998 1497
248 133 255 153 x
575 129 580 137 s

451 152 469 191 Ι[
488 154 526 189 48
546 153 560 193 ]

227 212 308 236 animos
319 210 385 234 movit
394 210 429 232 illa
444 213 451 223 ·
458 210 590 241 Legissatoris
600 209 730 239 moribundi,
743 220 778 236 nm.

225 250 272 272 lum
282 254 399 278 terramque
414 247 533 270 obteffimtis
543 247 657 270 flexanima
665 249 746 272 oratio?
754 262 777 269 -

224 286 312 309 Nihilne
323 290 383 316 porro
396 285 491 315 ‘’Jofhuae
504 284 636 312 Liberatoris,
651 285 725 309 itidem
739 293 777 309 mo-

224 321 315 349 ribundi,
331 322 446 344 admonitio
456 321 576 344 mitiffima?
592 322 672 344 nihilne
682 322 717 344 ill:
726 322 777 346 vehe-

223 367 284 383 mens
298 356 406 381 obtestatio
416 359 438 380 Bc
448 358 569 390 prophetica
583 365 696 388 poenarum
706 359 777 382 denun—

222 395 296 417 tiatio?
311 394 438 416 —Nihilne
453 394 532 424 ‘Lapis
546 394 581 417 ille
597 394 678 416 faederis
695 395 777 426 renovati

221 431 315 454 conscius
328 430 390 456 testis,
410 431 608 461 &exprobrationis
623 436 777 454 monumentum

221 468 325 514 Perenne?
344 480 376 484 —-
387 466 478 489 Nihilne
495 467 533 488 sub
549 467 606 489 initia
623 466 744 490 defectionis
756 468 777 490 ud

236 502 318 525 Bocln‘m
328 502 383 524 coelo
393 502 490 533 demissus
500 502 602 532 Angelus,
614 502 737 529 admonens,
746 510 778 525 ex-

219 539 333 570 postulans,
349 539 372 561 &
385 538 470 568 Jehovae
480 539 525 561 irati
535 545 622 561 terrores
635 539 664 561 ita
677 538 777 566 adhibens,

219 580 244 597 ut
257 574 384 605 poenitentiae
397 574 464 596 brevis
476 574 559 596 sensum
572 575 674 596 incuteret
689 574 712 596 δι
723 574 778 597 οοῐιΙι

218 611 292 642 populi
306 610 424 632 reludbnntis
440 610 540 632 obdurata
553 610 700 640 aliquantisper
713 609 778 633 fleete-

218 653 258 674 ret,
278 648 384 677 oculisque
397 647 469 670 invitis
482 648 607 678 lacrymulas
623 647 735 669 mendaces
746 647 778 669 eli-

218 685 291 706 ceret?

250 720 309 750 Qd
319 720 402 742 interim
412 719 546 742 Sacerdotes?
562 720 613 750 quid
621 720 715 742 Levitae?
730 726 779 750 quos

216 755 285 778 cultus
295 756 359 778 divini
369 755 477 778 Ministros
487 754 589 786 Legisque
599 756 718 787 interpretes
728 755 779 786 pub-

216 791 267 814 licos
280 792 303 814 &
313 792 420 814 Praecones
430 792 510 821 Jehova
518 792 669 814 constituerat?
692 791 778 814 Nihilne

215 827 246 849 illi
260 832 333 849 contra
346 827 438 853 confilio,
457 832 493 849 aut
509 828 615 858 exemplo,
636 833 673 850 aut
690 827 777 849 auetori-

215 868 257 886 tate
271 864 393 886 valuerunt?
409 864 493 886 -Ubi
506 859 557 886 tunc
572 864 680 894 ‘Phineqfi
691 862 777 886 Eleaza-

216 899 269 922 ridae
283 900 318 922 ille
335 900 393 922 zelus
407 900 487 927 ardens,
510 900 545 923 illa
562 900 659 931 nequitiae
676 899 777 930 graffanti!

215 936 280 959 ultrix
292 937 423 967 indignatio?
446 937 477 959 At
487 944 535 959 vero
550 938 571 959 in
581 942 625 959 tom
636 937 671 959 illa
681 936 779 966 Israelitiq

214 980 281 995 corum
290 972 392 1002 Judicum
402 972 493 999 historia,
509 981 522 995 a
529 972 622 1002 Phineaſs
630 973 684 995 illius
695 977 774 1003 tempo-

214 1008 272 1031 ribus
289 1008 353 1038 usque
370 1008 396 1030 ad
412 1007 562 1031 Pontificatum
575 1008 624 1031 Heli
638 1007 772 1034 Ithamaridae,

213 1052 251 1075 per
265 1051 330 1067 annos
344 1044 424 1066 circiter
434 1049 535 1067 trecentos
545 1045 581 1067 vix
592 1045 635 1067 ulla
644 1044 734 1066 omnino
743 1051 772 1066 re-

212 1080 294 1110 ligionis
306 1080 389 1111 publice
399 1080 511 1107 celebratae,
528 1081 572 1103 imo
583 1081 697 1103 Sacerdotis
707 1079 771 1102 officio

213 1116 316 1147 fungentis
333 1116 369 1139 suo
383 1116 462 1138 mentio
477 1116 566 1139 occurrit
580 1117 649 1140 nulla:
669 1117 727 1139 nulla
740 1115 770 1138 iti-

234 1174 244 1185 ι
255 1168 333 1185 Dumna.
345 1174 359 1185 c.
367 1173 394 1190 3²·
445 1168 456 1185 b
467 1168 510 1190 Jffsh·
524 1173 550 1190 23,
558 1173 584 1190 24.
636 1174 646 1186 c
657 1169 677 1186 C.
684 1175 712 1192 44.
724 1176 738 1188 ν.
745 1174 767 1191 ²7-

212 1196 224 1213 d
235 1196 286 1219 judic.
298 1202 313 1214 c.
321 1202 336 1213 z.
349 1202 364 1217 ι,
371 1202 387 1217 2,
394 1201 409 1218 3.
414 1201 431 1219 4.
477 1202 487 1214 e
498 1196 543 1214 Num.
551 1201 577 1220 ις.
584 1197 600 1215 8.

721 1225 764 1248 dem
