998 1497
445 165 549 204 [ιε]

215 223 235 245 la
248 222 316 245 nescio
331 222 457 252 qua—&a
477 223 539 245 miras
552 222 607 245 cient
619 222 736 252 tragcedias,
753 223 769 244 δι

214 254 378 276 terriculamenta
387 254 483 284 quaedam
491 254 549 284 vulgi
558 253 633 275 animis
643 253 771 283 objiciunt—

214 285 314 315 quorsum
324 284 369 307 haec
379 285 474 311 tendunt,
486 285 562 307 invitus
570 284 665 315 suspicor.
688 284 771 306 Utinam

214 316 261 338 sane
274 316 337 337 effent
346 315 391 337 haec
401 316 428 337 ab
437 323 505 337 errore
519 316 610 345 quodam
621 315 697 345 judicii
711 315 771 345 potius

215 354 280 376 quam
296 347 366 368 animo
383 346 439 368 malo
453 347 545 377 profesta
553 357 560 373 5
576 346 603 368 ita
617 351 641 368 ut
655 346 693 376 ipfi
706 346 772 368 saltem

215 377 318 399 charitatis
342 378 376 399 seu
401 377 546 402 moderationis
569 377 623 399 illius
643 377 771 403 Christianae,

214 416 279 438 quam
293 409 320 430 in'
329 408 475 431 Ecclefiasticis
491 408 636 438 legissatoribus
652 408 772 434 defiderant,

210 439 338 470 exemplum
348 439 406 461 faffis
416 439 558 462 ostenderent!
575 439 622 461 Alia
632 444 688 461 certe
698 438 729 461 est
739 438 772 460 du-

214 470 317 492 bitationis
331 470 436 496 modestae,
455 470 494 492 alia
507 470 651 492 adversationis
665 470 772 500 praefmetae

214 501 280 523 causa.
306 501 420 531 Opiniones
430 502 523 531 privatas,
537 501 655 531 hujusmodi
666 500 772 531 praesertim

215 532 236 553 in
244 540 272 558 re,
280 532 382 554 autoritati
386 531 471 562 publica
478 532 627 554 tumultuanter
635 539 743 562 opponere
749 531 772 553 est

214 563 289 585 indolis
299 571 341 593 non
356 563 450 593 ingenua-2
458 561 482 586 ’δε
492 563 618 589 verecundae,
634 563 670 584 sed
681 570 771 598 arrogan-

214 594 253 615 tis:
269 594 291 615 in
301 591 380 624 partem
390 601 438 616 vero
449 593 549 616 finistram
560 595 638 620 omnia,
656 594 678 615 &
689 593 732 615 ad
727 593 772 615 mvi-

215 625 271 646 diam
292 624 371 646 trahere
380 637 412 642 —
421 624 487 646 isthoc
508 625 568 655 plane
588 624 618 647 est
638 624 772 654 malignitatis.

215 655 276 677 Certe
286 656 353 677 bonus
363 655 413 677 civis
423 656 445 677 ὅτ,
455 655 586 677 Christianus
595 655 663 677 multa
673 655 744 685 potius
751 655 772 677 de

214 687 252 708 suo
272 686 395 708 remittenda
413 687 435 708 ὅτ,
452 686 569 717 reipublicae
586 686 727 709 condonanda
741 685 773 708 effe

215 717 292 743 sentiet,
303 717 385 739 &illud
393 717 430 739 fibi
440 718 543 753 praecipue
552 717 676 743 cavendum,
692 725 720 739 ne
729 724 773 752 quas

215 748 237 770 in
251 748 341 770 Ecclesia
355 748 423 770 turbas
436 749 511 770 excitet
524 748 649 778 importunae
660 748 773 770 contentio-

214 780 246 802 nis
259 779 423 809 intemperantia.
452 779 533 808 Qidni
546 787 601 815 vero?
617 779 694 809 quod*
687 787 710 801 in
726 778 773 808 poli-

211 811 256 832 tico
269 810 368 840 quolibet,
385 810 441 832 idem
456 810 496 832 δι’
491 818 512 832 m
525 810 625 840 regimine
635 809 773 832 Ecclefiastico

214 841 275 863 licere
281 842 389 871 putemus?
402 848 477 871 nempe
485 846 508 863 ut
518 841 598 871 legibus
606 841 646 863 suis
653 840 774 870 obsequium

214 872 333 902 imperetur,
349 877 373 893 ut
388 878 495 902 praecepta,
514 872 633 907 ubicunque
649 871 670 893 in
688 871 773 893 dubium

215 903 283 924 vocari
293 909 328 924 aut
338 910 399 933 prave
409 902 526 932 detorqueri
536 903 649 932 contigerit,
663 902 774 924 distinctius

215 933 346 960 definiantur,
362 934 405 955 imo
420 940 443 955 ut
459 933 500 964 ipsa
513 934 622 963 explicatio
636 933 672 955 fiat
685 933 773 963 explica-

215 964 271 986 tior?
288 964 367 986 Interea
378 972 425 986 vero
439 964 553 986 meminisse
567 970 649 994 oportet
663 972 707 986 non
723 964 774 987 hanc

215 995 247 1017 vel
266 995 323 1017 illam
344 995 485 1025 explicationis
504 995 627 1021 formulam,
651 1002 774 1025 quocunque

214 1027 302 1048 demum
313 1026 397 1049 nomine
407 1026 509 1052 efferatur,
526 1034 564 1056 pro
576 1026 625 1048 fidei
638 1026 726 1048 articulo
739 1026 774 1047 ob-

215 1057 278 1083 trudi,
289 1057 322 1079 sed
333 1065 377 1079 rem
388 1057 453 1087 ipsam
461 1065 508 1087 quae
516 1057 629 1087 explicatur
637 1068 644 1084 3
659 1065 704 1079 rem
713 1057 774 1087 ipsam

215 1088 252 1118 qui
263 1088 316 1110 bona
326 1088 367 1110 fide
381 1088 500 1114 admittunt,
517 1096 559 1109 non
573 1088 602 1110 est
612 1088 670 1118 quod
681 1088 708 1110 de
718 1093 774 1109 caete-

215 1119 241 1141 ris
252 1119 290 1140 fin!
299 1119 385 1142 solliciti.
412 1119 469 1147 Qid
480 1119 554 1149 plura?
570 1119 596 1140 ad
604 1120 664 1141 sacra:
674 1119 774 1148 scripturae

214 1149 356 1172 testimonium
371 1150 486 1172 referuntur
500 1150 577 1176 omnia,
594 1158 638 1175 nec,
655 1150 693 1171 nisl
704 1155 774 1179 quate-

215 1188 254 1203 nus
268 1180 289 1202 in
302 1188 325 1203 ea
338 1181 462 1207 continetur,
481 1167 598 1210 quidquam
613 1180 721 1203 necessario
735 1187 775 1203 cre-

216 1211 308 1235 dendum
322 1212 452 1244 praecipitur:
472 1211 499 1234 ad
508 1210 563 1234 hanc
573 1214 679 1238 normam,
695 1211 742 1264 qul*
742 1219 774 1234 ve-

738 1247 770 1267 mr,
