998 1497
451 157 558 198 [30]

221 215 343 242 admonitio,
362 215 397 237 seu
410 216 501 238 cautela:
521 216 548 238 de
563 212 654 246 utrisque
670 215 774 238 instituitur

219 246 345 276 dinuifiti03
361 247 383 268 δε
393 246 496 277 imprimis
505 247 532 269 de
541 247 604 269 facto.

319 283 414 300 ΑΛΛΟΣ
430 284 463 300 ΔΕ
479 283 681 300 EssOIKOAOMEl·

249 308 330 337 Qidni
341 309 403 331 vero?
419 310 496 331 etenim
506 309 547 332 hoc
555 309 622 339 ipsum
630 309 698 330 voluit
705 308 774 331 Archi-

218 338 296 362 tefi’us:
312 340 386 362 frustra
399 340 456 362 enim
466 340 628 362 fundamentum
638 340 731 370 ponitur,
746 340 773 361 cui

218 371 305 393 omnino
315 371 367 393 nihil
377 371 479 393 astruitur.
505 372 585 393 Verum
595 371 678 393 interim
690 378 729 401 pro
736 370 774 400 jure

218 401 255 423 suo
275 402 364 432 postulat
381 410 407 424 ne
423 402 494 433 opifex
511 402 627 432 quidquam
643 407 702 424 extra
721 401 774 423 linens

218 432 326 459 moliatur,
348 441 375 455 ne
393 441 454 463 porro
472 433 579 455 materiem
597 433 676 462 ingerat
693 438 774 462 quoquo

219 463 285 485 modo
301 464 450 494 incongruam,
473 464 506 486 sed
523 469 547 486 ut
562 473 583 496 τῃ
596 467 713 495 ιχνακαφιῃ
727 464 774 494 prius

216 494 325 524 designatae
338 495 429 517 universa
443 495 524 517 aedificii
537 495 637 517 structura
653 494 773 525 respondeat

217 524 268 547 Hoc
282 525 333 548 adeo
346 526 358 548 a
367 526 474 548 Corinthiis
487 526 527 548 suis
540 525 615 548 Paulus
628 526 701 556 exigit,
721 530 774 555 atque

216 555 245 577 ita
254 556 307 583 sane,
324 562 347 579 ut
357 564 428 583 novos,
444 557 481 587 qui
492 557 612 587 irrepserant
625 557 646 578 in
656 556 773 582 Ecclefiam,

217 586 320 609 Doaores
334 588 394 610 tacita
407 589 498 618 quadam
512 588 670 618 exprobratione
683 587 773 617 perstrin-

216 623 258 646 gat.
287 618 423 649 Descripserat
436 619 470 641 ille
486 619 573 649 quidem
588 619 655 649 operis
672 618 772 649 praestituti

216 648 346 676 lineamenta,
362 658 386 672 ea
396 650 473 677 omnia,
489 658 536 680 quae
549 653 599 678 πφον
612 658 735 682 awa-rom
743 649 772 671 de-

216 680 296 706 cebant,
312 686 356 703 tam
366 681 463 711 exemplo
473 688 539 711 quarn
551 681 656 711 praeceptis
666 680 774 706 exhibens5

216 718 290 733 verum
301 712 358 742 (quae
366 712 395 734 est
402 712 516 734 hominum
524 712 635 742 pervicacia
642 711 666 733 δι
673 710 772 740 vecordia)

216 742 327 765 noluerunt
340 743 369 765 illi
381 743 435 765 intra
445 743 520 765 limites
531 742 657 773 praescriptos
666 742 771 767 contineri,

216 773 258 799 sed,
273 781 324 796 cum
338 774 384 804 plus
397 782 457 804 aequo
471 774 508 796 fibi
521 774 589 804 sapere
602 773 729 800 viderentur,
744 773 774 795 suo

214 804 301 834 obsequi
318 805 401 835 ingenio
418 805 548 831 maluerunt,
569 805 591 827 δε
607 812 645 834 pro
664 804 726 826 libitu
742 804 773 826 suo

215 836 313 858 tranfilire
323 836 345 858 δι
355 836 442 866 evagari.
468 836 500 858 Ita
513 835 606 866 profedstO
619 835 736 857 hominum
745 835 773 856 in-

213 866 271 888 doles
280 866 310 888 est
319 872 444 897 comparata,
461 872 484 889 ut
494 866 593 889 aedificare
606 866 696 897 quidem
711 865 772 896 (quod

214 897 283 927 ipsum
295 898 318 920 &z
327 898 416 928 debent)
431 905 505 920 omnes
515 898 557 920 fere
566 897 650 928 cupiant
657 897 731 919 -sed
741 903 774 926 pro

213 928 250 951 suo
260 929 346 959 quisque
356 929 438 959 ingenio
448 930 470 951 ὅτ
480 929 565 951 libidine
572 942 603 946 —
610 928 643 950 sed
658 928 707 950 novi
716 928 773 958 quid-

214 959 264 981 dam
275 960 297 982 &
306 961 332 982 de
335 960 379 990 βω,
393 960 420 982 ita
431 965 454 982 ut
464 968 508 982 non
518 965 562 982 tam
572 960 598 981 ad
605 969 635 985 της
646 965 744 985 mmmm
752 968 774 980 u-

214 988 292 1021 κςδὶμην,
310 997 374 1021 quam
389 992 415 1013 ad
429 991 539 1021 gloriolam
549 991 607 1012 suam
621 990 694 1012 omnia
705 990 773 1012 referre

214 1022 326 1045 videantur.
350 1022 408 1051 Qid
418 1023 440 1045 in
451 1021 585 1052 Philosophia
592 1022 599 1043 ?
605 1034 637 1038 —
643 1020 731 1051 potuiffe
740 1020 773 1042 ali-

215 1053 266 1083 quid
277 1054 396 1075 meditando
406 1053 505 1079 invenire,
517 1053 626 1075 inventum
636 1059 686 1073 vero
696 1052 773 1081 insuper

215 1084 326 1107 rationibus
337 1083 462 1106 validissimis
472 1084 560 1106 stabilire
574 1084 596 1105 δε
605 1082 708 1113 exemplis
722 1081 772 1104 illus-

214 1120 273 1142 trare,
289 1124 354 1145 quam
368 1115 489 1146 praeclarum
503 1114 556 1137 illud
569 1114 657 1136 habetur
670 1114 693 1136 &
704 1112 773 1143 ingenii

214 1153 257 1167 non
266 1147 353 1176 vulgaris
363 1147 430 1176 opus?
447 1152 467 1168 at
477 1154 527 1168 vero
535 1145 594 1168 facile
604 1145 633 1166 est
644 1145 732 1167 inventis
742 1144 773 1166 ad—

214 1177 274 1200 dere:
291 1178 332 1200 hoc
347 1178 426 1200 faciunt
439 1178 461 1200 &
472 1177 526 1199 leves
538 1176 602 1198 animi
615 1176 638 1198 δε
649 1180 774 1205 arrogantes;

215 1208 237 1230 δε
247 1209 334 1239 quidem
345 1209 380 1235 ita,
394 1214 417 1231 ut
427 1208 479 1239 saepe
488 1207 611 1231 inventionis
621 1207 719 1237 gloriam,
731 1206 773 1228 alie-

751 1243 774 1258 no
